@book{womak:lean-thinking,
    author  = {James P. Womack, Daniel T. Jones},
    title   = {Lean Thinking, Second Editon},
    publisher = {Simon \& Schuster, Inc.},
    year    = {2010}
}

@online{site:agile-manifesto,
    title   = {Manifesto Agile},
    url     = {http://agilemanifesto.org/iso/it/}
}

%Elastic Stack
@online{site:elasticsearch,
    title   = {Elasticsearch},
    url     = {https://www.elastic.co/elasticsearch/}
}

@online{site:kibana,
    title   = {Kibana},
    url     = {https://www.elastic.co/kibana/}
}

@online{site:elastic-agent,
    title   = {Elastic Agent},
    url     = {https://www.elastic.co/elastic-agent}
}

@online{site:opentelemetry,
    title   = {OpenTelemetry},
    url     = {https://opentelemetry.io/}
}

@online{site:apm,
    title   = {Elastic APM},
    url     = {https://www.elastic.co/apm/}
}

@online{site:rum-js,
    title   = {RUM Agent JS},
    url     = {https://www.elastic.co/docs/reference/apm/agents/rum-js}
}

@online{site:synthetic,
    title   = {Synthetic Monitoring},
    url     = {https://www.elastic.co/what-is/synthetic-monitoring}
}

%Linguaggi di programmazione
@online{site:python,
    title   = {Python Programming Language},
    url     = {https://www.python.org/}
}

@online{site:javascript,
    title   = {JavaScript Programming Language},
    url     = {https://developer.mozilla.org/en-US/docs/Web/JavaScript}
}

@online{site:java,
    title   = {Java Programming Language},
    url     = {https://www.java.com/en/}
}

%frameworks e librerie
@online{site:selenium,
    title   = {Selenium},
    url     = {https://www.selenium.dev/}
}

@online{site:spring,
    title   = {Spring Framework},
    url     = {https://spring.io/}
}

@online{site:nodejs,
    title   = {Node.js},
    url     = {https://nodejs.org/}
}

%Strumenti
@online{site:vscode,
    title   = {Visual Studio Code},
    url     = {https://code.visualstudio.com/}
}

@online{site:docker,
    title   = {Docker},
    url     = {https://www.docker.com/}
}

%Database
@online{site:mysql,
    title   = {MySQL},
    url     = {https://www.mysql.com/}
}